<?xml version='1.0' encoding='utf-8'?>
<camt:Document xmlns:camt="urn:iso:std:iso:20022:tech:xsd:camt.053.001.08">
  <camt:BkToCstmrStmt>
    <camt:GrpHdr>
      <camt:MsgId>C53-EUR-014</camt:MsgId>
      <camt:CreDtTm>2025-03-16T23:45:00+01:00</camt:CreDtTm>
    </camt:GrpHdr>
    <camt:Stmt><camt:Id>EU-DAILY-014</camt:Id>
      <camt:StmtPgntn><camt:PgNb>1</camt:PgNb><camt:LastPgInd>true</camt:LastPgInd></camt:StmtPgntn><camt:CreDtTm>2025-03-16T23:45:00+01:00</camt:CreDtTm>
      <camt:Acct>
        <camt:Id>
          <camt:IBAN>FR7610096000301234567890188</camt:IBAN>
        </camt:Id>
        <camt:Ccy>THB</camt:Ccy><camt:Ownr>
          <camt:Nm>BNP Paribas Chartres</camt:Nm>
        </camt:Ownr>
      </camt:Acct>
      <camt:Bal>
        <camt:Tp><camt:CdOrPrtry><camt:Cd>CLBD</camt:Cd></camt:CdOrPrtry></camt:Tp>
        <camt:Amt Ccy="EUR">58200.75</camt:Amt>
        <camt:CdtDbtInd>CRDT</camt:CdtDbtInd>
        <camt:Dt><camt:Dt>2025-03-14</camt:Dt></camt:Dt>
      </camt:Bal>

        <camt:Ntry><camt:Amt Ccy="EUR">52000.00</camt:Amt>
          <camt:CdtDbtInd>DBIT</camt:CdtDbtInd>
          <camt:Sts><camt:Cd>BOOK</camt:Cd></camt:Sts><camt:BookgDt><camt:Dt>2025-03-14</camt:Dt></camt:BookgDt>
          <camt:ValDt><camt:Dt>2025-03-14</camt:Dt></camt:ValDt>
          <camt:AcctSvcrRef>BNP-CHS-00078319</camt:AcctSvcrRef>
          <camt:BkTxCd><camt:Domn><camt:Cd>PMNT</camt:Cd><camt:Fmly><camt:Cd>RCDT</camt:Cd><camt:SubFmlyCd>ESCT</camt:SubFmlyCd></camt:Fmly></camt:Domn></camt:BkTxCd><camt:NtryDtls>
            <camt:TxDtls><camt:Refs><camt:AcctSvcrRef>BNP-CHS-00078319</camt:AcctSvcrRef></camt:Refs><camt:Amt Ccy="EUR">52000.00</camt:Amt><camt:CdtDbtInd>DBIT</camt:CdtDbtInd><camt:RltdPties>
                <camt:Cdtr>
                  <camt:Pty><camt:Nm>Harmony Payroll Services</camt:Nm>
                </camt:Pty></camt:Cdtr>
              </camt:RltdPties>
              <camt:RmtInf>
                <camt:Ustrd>Payroll batch March</camt:Ustrd>
              </camt:RmtInf>
            </camt:TxDtls></camt:NtryDtls>
        </camt:Ntry><camt:Ntry><camt:Amt Ccy="EUR">125000.00</camt:Amt>
          <camt:CdtDbtInd>CRDT</camt:CdtDbtInd>
          <camt:Sts><camt:Cd>BOOK</camt:Cd></camt:Sts><camt:BookgDt><camt:Dt>2025-03-14</camt:Dt></camt:BookgDt>
          <camt:ValDt><camt:Dt>2025-03-14</camt:Dt></camt:ValDt>
          <camt:AcctSvcrRef>BNP-CHS-00078320</camt:AcctSvcrRef>
          <camt:BkTxCd><camt:Domn><camt:Cd>PMNT</camt:Cd><camt:Fmly><camt:Cd>RCDT</camt:Cd><camt:SubFmlyCd>ESCT</camt:SubFmlyCd></camt:Fmly></camt:Domn></camt:BkTxCd><camt:NtryDtls>
            <camt:TxDtls><camt:Refs><camt:AcctSvcrRef>BNP-CHS-00078320</camt:AcctSvcrRef></camt:Refs><camt:Amt Ccy="EUR">125000.00</camt:Amt><camt:CdtDbtInd>CRDT</camt:CdtDbtInd><camt:RltdPties>
                <camt:Cdtr>
                  <camt:Pty><camt:Nm>ACME Consulting</camt:Nm>
                </camt:Pty></camt:Cdtr>
              </camt:RltdPties>
              <camt:RmtInf>
                <camt:Ustrd>Consulting fees</camt:Ustrd>
              </camt:RmtInf>
            </camt:TxDtls></camt:NtryDtls>
        </camt:Ntry></camt:Stmt></camt:BkToCstmrStmt>
</camt:Document>