<?xml version="1.0" encoding="UTF-8"?>
<Document xmlns="urn:iso:std:iso:20022:tech:xsd:camt.053.001.10">
  <BkToCstmrStmt>
    <GrpHdr>
      <MsgId>NOSTRO-USD-EUR-20250316</MsgId>
      <CreDtTm>2025-03-16T08:00:00+02:00</CreDtTm>
    </GrpHdr>
    <Stmt>
      <Id>MCBK-NOSTRO-2025-03-16</Id>
      <CreDtTm>2025-03-16T07:45:00+02:00</CreDtTm>
      <Acct>
        <Id>
          <IBAN>BQ70MCBK039344000704351</IBAN>
        </Id>
        <Ownr>
          <Nm>MADURO AND CURIEL'S BANK (BONAIRE)</Nm>
        </Ownr>
        <Svcr>
          <FinInstnId>
            <BICFI>MCBKBQBNXXX</BICFI>
          </FinInstnId>
        </Svcr>
      </Acct>
      <Bal>
        <Tp>
          <CdOrPrtry>
            <Cd>OPBD</Cd>
          </CdOrPrtry>
        </Tp>
        <Amt Ccy="USD">4321987.56</Amt>
        <CdtDbtInd>CRDT</CdtDbtInd>
        <Dt>
          <Dt>2025-03-15</Dt>
        </Dt>
      </Bal>
      <Ntry>
        <Amt Ccy="USD">+250000.00</Amt>
        <CdtDbtInd>CRDT</CdtDbtInd>
        <BookgDt>
          <Dt>2025-03-15</Dt>
        </BookgDt>
        <AcctSvcrRef>MCBK-USD-REF-15</AcctSvcrRef>
        <NtryDtls>
          <TxDtls>
            <Refs>
              <EndToEndId>USD-NOSTRO-ADJ</EndToEndId>
            </Refs>
            <RltdPties>
              <Dbtr>
                <Nm>HARMONY BANK GARLAND</Nm>
              </Dbtr>
            </RltdPties>
          </TxDtls>
        </NtryDtls>
      </Ntry>
      <Ntry>
        <Amt Ccy="EUR">-100000.00</Amt>
        <CdtDbtInd>DBIT</CdtDbtInd>
        <BookgDt>
          <Dt>2025-03-15</Dt>
        </BookgDt>
        <AcctSvcrRef>MCBK-EUR-REF-07</AcctSvcrRef>
        <NtryDtls>
          <TxDtls>
            <Refs>
              <EndToEndId>EUR-MAINT-07</EndToEndId>
              <TxId>BNPAFRPPCHS-782</TxId>
            </Refs>
            <RmtInf>
              <Ustrd>EUR Nostro maintenance fee</Ustrd>
            </RmtInf>
          </TxDtls>
        </NtryDtls>
      </Ntry>
    </Stmt>
  </BkToCstmrStmt>
</Document>
