<?xml version="1.0" encoding="UTF-8"?>
<Document xmlns="urn:iso:std:iso:20022:tech:xsd:camt.053.001.10">
  <BkToCstmrStmt>
    <GrpHdr>
      <MsgId>C53-ASIA-001</MsgId>
      <CreDtTm>2025-03-18T05:30:00+07:00</CreDtTm>
    </GrpHdr>
    <Stmt>
      <Id>ASIA-DAILY-001</Id>
      <CreDtTm>2025-03-18T05:30:00+07:00</CreDtTm>
      <Acct>
        <Id>
          <IBAN>TH12009988001234567890</IBAN>
        </Id>
        <Ownr>
          <Nm>Harmony Industrial Thai</Nm>
        </Ownr>
      </Acct>
      <Bal>
        <Tp><CdOrPrtry><Cd>CLBD</Cd></CdOrPrtry></Tp>
        <Amt Ccy="THB">1450000.75</Amt>
        <CdtDbtInd>CRDT</CdtDbtInd>
        <Dt><Dt>2025-03-17</Dt></Dt>
      </Bal>

        <Ntry>
          <Amt Ccy="THB">+250000.00</Amt>
          <CdtDbtInd>CRDT</CdtDbtInd>
          <BookgDt><Dt>2025-03-17</Dt></BookgDt>
          <ValDt><Dt>2025-03-17</Dt></ValDt>
          <AcctSvcrRef>ASIA-REF-001</AcctSvcrRef>
          <NtryDtls>
            <TxDtls>
              <RltdPties>
                <Cdtr>
                  <Nm>Bangkok Components Co. Ltd.</Nm>
                </Cdtr>
              </RltdPties>
              <RmtInf>
                <Ustrd>Inbound manufacturing receipt</Ustrd>
              </RmtInf>
            </TxDtls>
          </NtryDtls>
        </Ntry>

        <Ntry>
          <Amt Ccy="THB">-125000.00</Amt>
          <CdtDbtInd>DBIT</CdtDbtInd>
          <BookgDt><Dt>2025-03-17</Dt></BookgDt>
          <ValDt><Dt>2025-03-17</Dt></ValDt>
          <AcctSvcrRef>ASIA-REF-002</AcctSvcrRef>
          <NtryDtls>
            <TxDtls>
              <RltdPties>
                <Cdtr>
                  <Nm>Payroll Services</Nm>
                </Cdtr>
              </RltdPties>
              <RmtInf>
                <Ustrd>Payroll tranche</Ustrd>
              </RmtInf>
            </TxDtls>
          </NtryDtls>
        </Ntry>

    </Stmt>
  </BkToCstmrStmt>
</Document>
