<?xml version="1.0" encoding="UTF-8"?>
<Document xmlns="urn:iso:std:iso:20022:tech:xsd:camt.053.001.10">
  <BkToCstmrStmt>
    <GrpHdr>
      <MsgId>C53-EUR-014</MsgId>
      <CreDtTm>2025-03-16T23:45:00+01:00</CreDtTm>
    </GrpHdr>
    <Stmt>
      <Id>EU-DAILY-014</Id>
      <CreDtTm>2025-03-16T23:45:00+01:00</CreDtTm>
      <Acct>
        <Id>
          <IBAN>FR7610096000301234567890188</IBAN>
        </Id>
        <Ownr>
          <Nm>BNP Paribas Chartres</Nm>
        </Ownr>
      </Acct>
      <Bal>
        <Tp><CdOrPrtry><Cd>CLBD</Cd></CdOrPrtry></Tp>
        <Amt Ccy="EUR">58200.75</Amt>
        <CdtDbtInd>CRDT</CdtDbtInd>
        <Dt><Dt>2025-03-14</Dt></Dt>
      </Bal>

        <Ntry>
          <Amt Ccy="EUR">-52000.00</Amt>
          <CdtDbtInd>DBIT</CdtDbtInd>
          <BookgDt><Dt>2025-03-14</Dt></BookgDt>
          <ValDt><Dt>2025-03-14</Dt></ValDt>
          <AcctSvcrRef>BNP-CHS-00078319</AcctSvcrRef>
          <NtryDtls>
            <TxDtls>
              <RltdPties>
                <Cdtr>
                  <Nm>Harmony Payroll Services</Nm>
                </Cdtr>
              </RltdPties>
              <RmtInf>
                <Ustrd>Payroll batch March</Ustrd>
              </RmtInf>
            </TxDtls>
          </NtryDtls>
        </Ntry>

        <Ntry>
          <Amt Ccy="EUR">+125000.00</Amt>
          <CdtDbtInd>CRDT</CdtDbtInd>
          <BookgDt><Dt>2025-03-14</Dt></BookgDt>
          <ValDt><Dt>2025-03-14</Dt></ValDt>
          <AcctSvcrRef>BNP-CHS-00078320</AcctSvcrRef>
          <NtryDtls>
            <TxDtls>
              <RltdPties>
                <Cdtr>
                  <Nm>ACME Consulting</Nm>
                </Cdtr>
              </RltdPties>
              <RmtInf>
                <Ustrd>Consulting fees</Ustrd>
              </RmtInf>
            </TxDtls>
          </NtryDtls>
        </Ntry>

    </Stmt>
  </BkToCstmrStmt>
</Document>
