<?xml version="1.0" encoding="UTF-8"?>
<Document xmlns="urn:iso:std:iso:20022:tech:xsd:camt.053.001.10">
  <BkToCstmrStmt>
    <GrpHdr>
      <MsgId>C53-LATAM-010</MsgId>
      <CreDtTm>2025-02-28T21:00:00-03:00</CreDtTm>
    </GrpHdr>
    <Stmt>
      <Id>LATAM-DAILY-010</Id>
      <CreDtTm>2025-02-28T21:00:00-03:00</CreDtTm>
      <Acct>
        <Id>
          <IBAN>CO1230000000123456789</IBAN>
        </Id>
        <Ownr>
          <Nm>Andes Commodities</Nm>
        </Ownr>
      </Acct>
      <Bal>
        <Tp><CdOrPrtry><Cd>CLBD</Cd></CdOrPrtry></Tp>
        <Amt Ccy="USD">780000.00</Amt>
        <CdtDbtInd>CRDT</CdtDbtInd>
        <Dt><Dt>2025-02-28</Dt></Dt>
      </Bal>

        <Ntry>
          <Amt Ccy="USD">+500000.00</Amt>
          <CdtDbtInd>CRDT</CdtDbtInd>
          <BookgDt><Dt>2025-02-28</Dt></BookgDt>
          <ValDt><Dt>2025-02-28</Dt></ValDt>
          <AcctSvcrRef>LATAM-REF-010A</AcctSvcrRef>
          <NtryDtls>
            <TxDtls>
              <RltdPties>
                <Cdtr>
                  <Nm>Lisbon Metals SA</Nm>
                </Cdtr>
              </RltdPties>
              <RmtInf>
                <Ustrd>Inbound concentrate payment</Ustrd>
              </RmtInf>
            </TxDtls>
          </NtryDtls>
        </Ntry>

        <Ntry>
          <Amt Ccy="USD">-320000.00</Amt>
          <CdtDbtInd>DBIT</CdtDbtInd>
          <BookgDt><Dt>2025-02-28</Dt></BookgDt>
          <ValDt><Dt>2025-02-28</Dt></ValDt>
          <AcctSvcrRef>LATAM-REF-010B</AcctSvcrRef>
          <NtryDtls>
            <TxDtls>
              <RltdPties>
                <Cdtr>
                  <Nm>Logistics Partner</Nm>
                </Cdtr>
              </RltdPties>
              <RmtInf>
                <Ustrd>Shipping costs</Ustrd>
              </RmtInf>
            </TxDtls>
          </NtryDtls>
        </Ntry>

    </Stmt>
  </BkToCstmrStmt>
</Document>
