<?xml version="1.0" encoding="UTF-8"?>
<Document xmlns="urn:iso:std:iso:20022:tech:xsd:camt.053.001.10">
  <BkToCstmrStmt>
    <GrpHdr>
      <MsgId>C53-UAT-001</MsgId>
      <CreDtTm>2025-03-10T00:00:00Z</CreDtTm>
    </GrpHdr>
    <Stmt>
      <Id>UAT-STATEMENT-1</Id>
      <CreDtTm>2025-03-10T00:00:00Z</CreDtTm>
      <Acct>
        <Id>
          <IBAN>GB12HMBK40127688990011</IBAN>
        </Id>
        <Ownr>
          <Nm>Harmony Treasury UK</Nm>
        </Ownr>
      </Acct>
      <Bal>
        <Tp><CdOrPrtry><Cd>CLBD</Cd></CdOrPrtry></Tp>
        <Amt Ccy="GBP">1125000.00</Amt>
        <CdtDbtInd>CRDT</CdtDbtInd>
        <Dt><Dt>2025-03-09</Dt></Dt>
      </Bal>

        <Ntry>
          <Amt Ccy="GBP">+125000.00</Amt>
          <CdtDbtInd>CRDT</CdtDbtInd>
          <BookgDt><Dt>2025-03-09</Dt></BookgDt>
          <ValDt><Dt>2025-03-09</Dt></ValDt>
          <AcctSvcrRef>UAT-REF-001</AcctSvcrRef>
          <NtryDtls>
            <TxDtls>
              <RltdPties>
                <Cdtr>
                  <Nm>Test Sender Inc</Nm>
                </Cdtr>
              </RltdPties>
              <RmtInf>
                <Ustrd>Inbound FX leg</Ustrd>
              </RmtInf>
            </TxDtls>
          </NtryDtls>
        </Ntry>

    </Stmt>
  </BkToCstmrStmt>
</Document>
