<?xml version="1.0" encoding="UTF-8"?>
<Document xmlns="urn:iso:std:iso:20022:tech:xsd:camt.053.001.10">
  <BkToCstmrStmt>
    <GrpHdr>
      <MsgId>C53-US-020</MsgId>
      <CreDtTm>2025-03-19T05:40:00Z</CreDtTm>
    </GrpHdr>
    <Stmt>
      <Id>HARMONY-DAILY-2025-03-19</Id>
      <CreDtTm>2025-03-19T05:40:00Z</CreDtTm>
      <Acct>
        <Id>
          <IBAN>US98HMBK09120446200111</IBAN>
        </Id>
        <Ownr>
          <Nm>First Southeast Bank Harmony</Nm>
        </Ownr>
      </Acct>
      <Bal>
        <Tp><CdOrPrtry><Cd>CLBD</Cd></CdOrPrtry></Tp>
        <Amt Ccy="USD">2150000.00</Amt>
        <CdtDbtInd>CRDT</CdtDbtInd>
        <Dt><Dt>2025-03-18</Dt></Dt>
      </Bal>

        <Ntry>
          <Amt Ccy="USD">-250000.00</Amt>
          <CdtDbtInd>DBIT</CdtDbtInd>
          <BookgDt><Dt>2025-03-18</Dt></BookgDt>
          <ValDt><Dt>2025-03-18</Dt></ValDt>
          <AcctSvcrRef>HMBK-REF-120</AcctSvcrRef>
          <NtryDtls>
            <TxDtls>
              <RltdPties>
                <Cdtr>
                  <Nm>Harmony Payroll</Nm>
                </Cdtr>
              </RltdPties>
              <RmtInf>
                <Ustrd>Payroll batch</Ustrd>
              </RmtInf>
            </TxDtls>
          </NtryDtls>
        </Ntry>

        <Ntry>
          <Amt Ccy="USD">+90000.00</Amt>
          <CdtDbtInd>CRDT</CdtDbtInd>
          <BookgDt><Dt>2025-03-18</Dt></BookgDt>
          <ValDt><Dt>2025-03-18</Dt></ValDt>
          <AcctSvcrRef>HMBK-REF-121</AcctSvcrRef>
          <NtryDtls>
            <TxDtls>
              <RltdPties>
                <Cdtr>
                  <Nm>Midwest Holdings</Nm>
                </Cdtr>
              </RltdPties>
              <RmtInf>
                <Ustrd>Inbound receipts</Ustrd>
              </RmtInf>
            </TxDtls>
          </NtryDtls>
        </Ntry>

        <Ntry>
          <Amt Ccy="USD">-17500.50</Amt>
          <CdtDbtInd>DBIT</CdtDbtInd>
          <BookgDt><Dt>2025-03-18</Dt></BookgDt>
          <ValDt><Dt>2025-03-18</Dt></ValDt>
          <AcctSvcrRef>HMBK-REF-122</AcctSvcrRef>
          <NtryDtls>
            <TxDtls>
              <RltdPties>
                <Cdtr>
                  <Nm>Utility Provider</Nm>
                </Cdtr>
              </RltdPties>
              <RmtInf>
                <Ustrd>Utility settlement</Ustrd>
              </RmtInf>
            </TxDtls>
          </NtryDtls>
        </Ntry>

    </Stmt>
  </BkToCstmrStmt>
</Document>
